@article{a, 
  author =      "\textbf{Saurabh Raje} and Shyamal Vaderia and Neil Wilson and Rudrakh Panigrahi", 
  title =       "Decentralised firewall for malware detection", 
  journal =     "International Conference on Advances in Computing, Communication and Control (ICAC3),2017",
  year =        "",
  DOI =         "http://ieeexplore.ieee.org/stamp/stamp.jsp?tp=\&arnumber=8318755\&isnumber=8318735"
}

@article{1, 
  author =      "\textbf{Saurabh Raje} and Abhishek Goel and Shubham Sharma and Kushagra Aggarwal and Dhananjay Mantri and Tanuj Kumar", 
  title =       "Development of On Board Computer for a Nanosatellite", 
  journal =     "International Astronautical Congress,2017",
  year =        "",
  DOI =         ""
}

article{z, 
  author =      "Vatsal Badami and Tushar Goyal and Shubam Sharma and \textbf{Saurabh Raje} and Kushagra Aggarwal", 
  title =       "In-Loop simulation of attitude control of a nanosatellite", 
  journal =     "IEEE Aerospace Conference,2019",
  year =        "",
  DOI =         ""
}

@article{b, 
  author =      "Venaktesan Chakaravarthy and Shivmaran Pandian and \textbf{Saurabh Raje} and Yogish Sabharwal", 
  title =       "On optimizing distributed non-negative tucker decomposition", 
  journal =     "ACM International Conference on Supercomputing,2019",
  year =        "",
  DOI =         ""
}

@misc{goyal2020powerbert,
  title={PoWER-BERT: Accelerating BERT inference for Classification Tasks},
  author={Saurabh Goyal and Anamitra Roy Choudhary and Venkatesan Chakaravarthy and \textbf{Saurabh Raje} and Yogish Sabharwal and Ashish Verma},
  year={2020},
  eprint={2001.08950},
  archivePrefix={arXiv},
  primaryClass={cs.LG}
}

@INPROCEEDINGS{8964223, 
    author={S. {Islam} and S. {Balasubramaniam} and P. {Goyal} and A. {Sultana} and L. {Bhutani} and \textbf{Saurabh {Raje}} and N. {Goyal}}, 
    booktitle={2019 IEEE International Conference on Data Science and Advanced Analytics (DSAA)}, 
    title={A Rapid Prototyping Approach for High Performance Density-Based Clustering}, 
    year={2019}, 
    volume={}, 
    number={}, 
    pages={260-269}, 
    keywords={Clustering;Domain Specific Language;Big Data Engineering;Programming Patterns;Parallelizing Compiler}, 
    doi={10.1109/DSAA.2019.00041}, 
    ISSN={null}, 
    month={Oct},}
